<?xml version="1.0" encoding="UTF-8"?><collection xmlns="http://www.loc.gov/MARC21/slim"><record><leader>00440nam--2200157-i-4500</leader><controlfield tag="001">000026322</controlfield><controlfield tag="002">20161230</controlfield><controlfield tag="005">20161230201036</controlfield><controlfield tag="008">060222s1000------------r-----000-0-eng-d</controlfield><datafield ind1=" " ind2=" " tag="080"><subfield code="a">512.81:515.14</subfield></datafield><datafield ind1="1" ind2=" " tag="100"><subfield code="a">Kassel, Christian</subfield></datafield><datafield ind1=" " ind2=" " tag="245"><subfield code="a">Quantum groups. with 88 illustrations</subfield></datafield><datafield ind1=" " ind2=" " tag="260"><subfield code="a">New York, Springer-verlag, 1995, Xii + 533p</subfield></datafield><datafield ind1=" " ind2=" " tag="490"><subfield code="a">Graduate Texts In Mathematics</subfield></datafield><datafield ind1=" " ind2=" " tag="852"><subfield code="a">49167</subfield><subfield code="c">517.9</subfield></datafield><datafield ind1=" " ind2=" " tag="CAT"><subfield code="a">Sys</subfield><subfield code="c">20090323</subfield><subfield code="h">091657</subfield></datafield></record></collection>